<?xml version="1.0" encoding="UTF-8"?><collection xmlns="http://www.loc.gov/MARC21/slim"><record><leader>00499nam--2200181-i-4500</leader><controlfield tag="001">000048117</controlfield><controlfield tag="002">20161230</controlfield><controlfield tag="005">20161230201046</controlfield><controlfield tag="008">060222s1000------------r-----000-0-ger-d</controlfield><datafield ind1=" " ind2=" " tag="040"><subfield code="a">IFIN-HH</subfield></datafield><datafield ind1=" " ind2=" " tag="041"><subfield code="a">ger</subfield></datafield><datafield ind1=" " ind2=" " tag="080"><subfield code="a">539.169</subfield></datafield><datafield ind1="1" ind2=" " tag="100"><subfield code="a">Zimmer, K.G</subfield></datafield><datafield ind1="1" ind2="0" tag="245"><subfield code="a">Studien zur quantitativen strahlenbiologie</subfield><subfield code="c">K.g. zimmer</subfield></datafield><datafield ind1=" " ind2=" " tag="260"><subfield code="a">Wiesbaden</subfield><subfield code="b">Verlag Der Akademie Der Wissenschaften Und Der Literatur</subfield><subfield code="c">1960</subfield></datafield><datafield ind1=" " ind2=" " tag="300"><subfield code="a">217P</subfield></datafield><datafield ind1=" " ind2=" " tag="852"><subfield code="a">16329</subfield><subfield code="c">539.12.04</subfield></datafield><datafield ind1=" " ind2=" " tag="CAT"><subfield code="a">Sys</subfield><subfield code="c">20120203</subfield><subfield code="h">112826</subfield></datafield></record></collection>